<?xml version="1.0" encoding="UTF-8"?>
<Document xsi:schemaLocation="urn:iso:std:iso:20022:tech:xsd:camt.053.001.02 camt.053.001.02.xsd" xmlns:xsi="http://www.w3.org/2001/XMLSchema-instance" xmlns="urn:iso:std:iso:20022:tech:xsd:camt.053.001.02">
	<BkToCstmrStmt>
		<GrpHdr>
			<MsgId>XML99102020092503073121916759394803</MsgId>
			<CreDtTm>2020-09-25T03:07:31.219Z</CreDtTm>
			<MsgRcpt>
				<Id>
					<OrgId>
						<Othr>
							<Id>1122334455</Id>
							<SchmeNm>
								<Cd>CUST</Cd>
							</SchmeNm>
						</Othr>
						<Othr>
							<Id>NDEAPROD</Id>
							<SchmeNm>
								<Cd>BANK</Cd>
							</SchmeNm>
						</Othr>
					</OrgId>
				</Id>
			</MsgRcpt>
		</GrpHdr>
		<Stmt>
			<Id>2020-09-25-030731-DKK8496</Id>
			<ElctrncSeqNb>64</ElctrncSeqNb>
			<LglSeqNb>64</LglSeqNb>
			<CreDtTm>2020-09-25T03:07:31.219Z</CreDtTm>
			<Acct>
				<Id>
					<IBAN>DK0320009876543210</IBAN>
				</Id>
				<Ccy>DKK</Ccy>
				<Ownr>
					<Nm>TEST COMPANY</Nm>
				</Ownr>
				<Svcr>
					<FinInstnId>
						<BIC>NDEADKKK</BIC>
						<PstlAdr>
							<Ctry>DK</Ctry>
						</PstlAdr>
					</FinInstnId>
				</Svcr>
			</Acct>
			<Bal>
				<Tp>
					<CdOrPrtry>
						<Cd>OPBD</Cd>
					</CdOrPrtry>
				</Tp>
				<Amt Ccy="DKK">80259.13</Amt>
				<CdtDbtInd>CRDT</CdtDbtInd>
				<Dt>
					<Dt>2020-09-24</Dt>
				</Dt>
			</Bal>
			<Bal>
				<Tp>
					<CdOrPrtry>
						<Cd>CLBD</Cd>
					</CdOrPrtry>
				</Tp>
				<Amt Ccy="DKK">42583.21</Amt>
				<CdtDbtInd>CRDT</CdtDbtInd>
				<Dt>
					<Dt>2020-09-24</Dt>
				</Dt>
			</Bal>
			<Bal>
				<Tp>
					<CdOrPrtry>
						<Cd>CLAV</Cd>
					</CdOrPrtry>
				</Tp>
				<Amt Ccy="DKK">42583.21</Amt>
				<CdtDbtInd>CRDT</CdtDbtInd>
				<Dt>
					<Dt>2020-09-24</Dt>
				</Dt>
			</Bal>
			<Ntry>
				<NtryRef>1</NtryRef>
				<Amt Ccy="DKK">100.00</Amt>
				<CdtDbtInd>CRDT</CdtDbtInd>
				<Sts>BOOK</Sts>
				<BookgDt>
					<Dt>2020-09-24</Dt>
				</BookgDt>
				<ValDt>
					<Dt>2020-09-24</Dt>
				</ValDt>
				<AcctSvcrRef>3896981720268</AcctSvcrRef>
				<BkTxCd>
					<Domn>
						<Cd>PMNT</Cd>
						<Fmly>
							<Cd>RCDT</Cd>
							<SubFmlyCd>DMCT</SubFmlyCd>
						</Fmly>
					</Domn>
				</BkTxCd>
				<NtryDtls>
					<TxDtls>
						<Refs>
							<AcctSvcrRef>6110273894</AcctSvcrRef>
						</Refs>
						<AmtDtls>
							<TxAmt>
								<Amt Ccy="DKK">100.00</Amt>
							</TxAmt>
						</AmtDtls>
						<BkTxCd>
							<Domn>
								<Cd>PMNT</Cd>
								<Fmly>
									<Cd>RCDT</Cd>
									<SubFmlyCd>DMCT</SubFmlyCd>
								</Fmly>
							</Domn>
						</BkTxCd>
						<RltdPties>
							<Dbtr>
								<PstlAdr>
									<AdrLine>PAYERS NAME AND ADDRESS 1</AdrLine>
									<AdrLine>PAYERS NAME AND ADDRESS 2</AdrLine>
									<AdrLine>PAYERS NAME AND ADDRESS 3</AdrLine>
									<AdrLine>PAYERS NAME AND ADDRESS 4</AdrLine>
								</PstlAdr>
							</Dbtr>
						</RltdPties>
						<RmtInf>
							<Ustrd>REMITTANCE INFO LINE 01</Ustrd>
							<Ustrd>REMITTANCE INFO LINE 02</Ustrd>
							<Ustrd>REMITTANCE INFO LINE 03</Ustrd>
							<Ustrd>REMITTANCE INFO LINE 04</Ustrd>
							<Ustrd>REMITTANCE INFO LINE 05</Ustrd>
							<Ustrd>REMITTANCE INFO LINE 06</Ustrd>
							<Ustrd>REMITTANCE INFO LINE 07</Ustrd>
							<Ustrd>REMITTANCE INFO LINE 08</Ustrd>
							<Ustrd>REMITTANCE INFO LINE 09</Ustrd>
							<Ustrd>REMITTANCE INFO LINE 10</Ustrd>
						</RmtInf>
					</TxDtls>
				</NtryDtls>
				<AddtlNtryInf>502:REFERENCE:Overførsel;802:REFERENCE:CNDKDKDKK60006;821:ADVICE REFERENCE:03896981720268;555:FILE INFORMATION:24092020 6110273894</AddtlNtryInf>
			</Ntry>
			<Ntry>
				<NtryRef>2</NtryRef>
				<Amt Ccy="DKK">200.00</Amt>
				<CdtDbtInd>CRDT</CdtDbtInd>
				<Sts>BOOK</Sts>
				<BookgDt>
					<Dt>2020-09-24</Dt>
				</BookgDt>
				<ValDt>
					<Dt>2020-09-24</Dt>
				</ValDt>
				<BkTxCd>
					<Domn>
						<Cd>PMNT</Cd>
						<Fmly>
							<Cd>RCDT</Cd>
							<SubFmlyCd>VCOM</SubFmlyCd>
						</Fmly>
					</Domn>
				</BkTxCd>
				<NtryDtls>
					<TxDtls>
						<Refs>
							<AcctSvcrRef>2149202009236109891174</AcctSvcrRef>
						</Refs>
						<AmtDtls>
							<TxAmt>
								<Amt Ccy="DKK">200.00</Amt>
							</TxAmt>
						</AmtDtls>
						<BkTxCd>
							<Domn>
								<Cd>PMNT</Cd>
								<Fmly>
									<Cd>RCDT</Cd>
									<SubFmlyCd>VCOM</SubFmlyCd>
								</Fmly>
							</Domn>
						</BkTxCd>
						<RltdPties>
							<CdtrAcct>
								<Id>
									<Othr>
										<Id>82424016</Id>
										<SchmeNm>
											<Prtry>OCR</Prtry>
										</SchmeNm>
									</Othr>
								</Id>
							</CdtrAcct>
						</RltdPties>
						<RmtInf>
							<Strd>
								<RfrdDocAmt>
									<RmtdAmt Ccy="DKK">200.00</RmtdAmt>
								</RfrdDocAmt>
								<CdtrRefInf>
									<Tp>
										<CdOrPrtry>
											<Cd>SCOR</Cd>
										</CdOrPrtry>
									</Tp>
									<Ref>71/000000020211041</Ref>
								</CdtrRefInf>
							</Strd>
						</RmtInf>
					</TxDtls>
				</NtryDtls>
				<AddtlNtryInf>26:DEBTOR NUMBER:20211041;501:REFERENCE:120200924000001289</AddtlNtryInf>
			</Ntry>
			<Ntry>
				<NtryRef>3</NtryRef>
				<Amt Ccy="DKK">300.00</Amt>
				<CdtDbtInd>CRDT</CdtDbtInd>
				<Sts>BOOK</Sts>
				<BookgDt>
					<Dt>2020-09-24</Dt>
				</BookgDt>
				<ValDt>
					<Dt>2020-09-24</Dt>
				</ValDt>
				<AcctSvcrRef>3895197120268</AcctSvcrRef>
				<BkTxCd>
					<Domn>
						<Cd>PMNT</Cd>
						<Fmly>
							<Cd>RCDT</Cd>
							<SubFmlyCd>DMCT</SubFmlyCd>
						</Fmly>
					</Domn>
				</BkTxCd>
				<NtryDtls>
					<TxDtls>
						<Refs>
							<AcctSvcrRef>2110197550</AcctSvcrRef>
							<EndToEndId>DK_DOM_DK_to_DK-12_3</EndToEndId>
						</Refs>
						<AmtDtls>
							<TxAmt>
								<Amt Ccy="DKK">300.00</Amt>
							</TxAmt>
						</AmtDtls>
						<BkTxCd>
							<Domn>
								<Cd>PMNT</Cd>
								<Fmly>
									<Cd>RCDT</Cd>
									<SubFmlyCd>DMCT</SubFmlyCd>
								</Fmly>
							</Domn>
						</BkTxCd>
						<RltdPties>
							<Dbtr>
								<PstlAdr>
									<AdrLine>PAYERS NAME AND ADDRESS 1</AdrLine>
									<AdrLine>PAYERS NAME AND ADDRESS 2</AdrLine>
									<AdrLine>PAYERS NAME AND ADDRESS 3</AdrLine>
									<AdrLine>PAYERS NAME AND ADDRESS 4</AdrLine>
								</PstlAdr>
							</Dbtr>
						</RltdPties>
						<RmtInf>
							<Strd>
								<RfrdDocAmt>
									<RmtdAmt Ccy="DKK">300.00</RmtdAmt>
								</RfrdDocAmt>
								<CdtrRefInf>
									<Tp>
										<CdOrPrtry>
											<Cd>SCOR</Cd>
										</CdOrPrtry>
										<Issr>ISO</Issr>
									</Tp>
									<Ref>RF12510007547061</Ref>
								</CdtrRefInf>
							</Strd>
						</RmtInf>
					</TxDtls>
				</NtryDtls>
				<AddtlNtryInf>502:REFERENCE:KREDITORREFERENCE;804:NOTICE NUMBER:03895197120268;555:FILE INFORMATION:24092020 2110197550</AddtlNtryInf>
			</Ntry>
			<Ntry>
				<NtryRef>4</NtryRef>
				<Amt Ccy="DKK">400.00</Amt>
				<CdtDbtInd>CRDT</CdtDbtInd>
				<Sts>BOOK</Sts>
				<BookgDt>
					<Dt>2020-09-24</Dt>
				</BookgDt>
				<ValDt>
					<Dt>2020-09-24</Dt>
				</ValDt>
				<AcctSvcrRef>K88889999-2309</AcctSvcrRef>
				<BkTxCd>
					<Domn>
						<Cd>PMNT</Cd>
						<Fmly>
							<Cd>RCDT</Cd>
							<SubFmlyCd>VCOM</SubFmlyCd>
						</Fmly>
					</Domn>
				</BkTxCd>
				<NtryDtls>
					<Btch>
						<NbOfTxs>2</NbOfTxs>
					</Btch>
					<TxDtls>
						<Refs>
							<AcctSvcrRef>2149202009244110197552</AcctSvcrRef>
						</Refs>
						<AmtDtls>
							<TxAmt>
								<Amt Ccy="DKK">150.00</Amt>
							</TxAmt>
						</AmtDtls>
						<BkTxCd>
							<Domn>
								<Cd>PMNT</Cd>
								<Fmly>
									<Cd>RCDT</Cd>
									<SubFmlyCd>VCOM</SubFmlyCd>
								</Fmly>
							</Domn>
						</BkTxCd>
						<RltdPties>
							<CdtrAcct>
								<Id>
									<Othr>
										<Id>88889999</Id>
										<SchmeNm>
											<Prtry>OCR</Prtry>
										</SchmeNm>
									</Othr>
								</Id>
							</CdtrAcct>
						</RltdPties>
						<RmtInf>
							<Strd>
								<RfrdDocAmt>
									<RmtdAmt Ccy="DKK">150.00</RmtdAmt>
								</RfrdDocAmt>
								<CdtrRefInf>
									<Tp>
										<CdOrPrtry>
											<Cd>SCOR</Cd>
										</CdOrPrtry>
									</Tp>
									<Ref>71/000000003097920</Ref>
								</CdtrRefInf>
							</Strd>
						</RmtInf>
					</TxDtls>
					<TxDtls>
						<Refs>
							<AcctSvcrRef>2149202009243110197551</AcctSvcrRef>
						</Refs>
						<AmtDtls>
							<TxAmt>
								<Amt Ccy="DKK">250.00</Amt>
							</TxAmt>
						</AmtDtls>
						<BkTxCd>
							<Domn>
								<Cd>PMNT</Cd>
								<Fmly>
									<Cd>RCDT</Cd>
									<SubFmlyCd>VCOM</SubFmlyCd>
								</Fmly>
							</Domn>
						</BkTxCd>
						<RltdPties>
							<CdtrAcct>
								<Id>
									<Othr>
										<Id>88889999</Id>
										<SchmeNm>
											<Prtry>OCR</Prtry>
										</SchmeNm>
									</Othr>
								</Id>
							</CdtrAcct>
						</RltdPties>
						<RmtInf>
							<Strd>
								<RfrdDocAmt>
									<RmtdAmt Ccy="DKK">250.00</RmtdAmt>
								</RfrdDocAmt>
								<CdtrRefInf>
									<Tp>
										<CdOrPrtry>
											<Cd>SCOR</Cd>
										</CdOrPrtry>
									</Tp>
									<Ref>71/123456789012347</Ref>
								</CdtrRefInf>
							</Strd>
						</RmtInf>
					</TxDtls>
				</NtryDtls>
				<AddtlNtryInf>502:REFERENCE:K 88889999-23.09;501:REFERENCE:120200925000002880</AddtlNtryInf>
			</Ntry>
			<Ntry>
				<NtryRef>5</NtryRef>
				<Amt Ccy="DKK">66962.50</Amt>
				<CdtDbtInd>DBIT</CdtDbtInd>
				<Sts>BOOK</Sts>
				<BookgDt>
					<Dt>2020-09-24</Dt>
				</BookgDt>
				<ValDt>
					<Dt>2020-09-24</Dt>
				</ValDt>
				<BkTxCd>
					<Domn>
						<Cd>PMNT</Cd>
						<Fmly>
							<Cd>NTAV</Cd>
							<SubFmlyCd>NTAV</SubFmlyCd>
						</Fmly>
					</Domn>
				</BkTxCd>
				<NtryDtls>
					<Btch>
						<MsgId>ABC-001668-20201201101640</MsgId>
						<PmtInfId>0ABC-001668SUPP020201201-01</PmtInfId>
						<NbOfTxs>2</NbOfTxs>
					</Btch>
					<TxDtls>
						<Refs>
							<AcctSvcrRef>6127256724</AcctSvcrRef>
							<EndToEndId>1004916-5637222635-00</EndToEndId>
						</Refs>
						<AmtDtls>
							<TxAmt>
								<Amt Ccy="DKK">40177.50</Amt>
								<CcyXchg>
									<SrcCcy>DKK</SrcCcy>
									<TrgtCcy>DKK</TrgtCcy>
									<XchgRate>0.000000</XchgRate>
								</CcyXchg>
							</TxAmt>
						</AmtDtls>
						<BkTxCd>
							<Domn>
								<Cd>PMNT</Cd>
								<Fmly>
									<Cd>ICDT</Cd>
									<SubFmlyCd>DMCT</SubFmlyCd>
								</Fmly>
							</Domn>
						</BkTxCd>
						<RltdPties>
							<Cdtr>
								<Nm>CREDITOR NAME</Nm>
								<PstlAdr>
									<Ctry>DK</Ctry>
									<AdrLine>STREET NAME 18 1411 COPENHAGEN DENMARK</AdrLine>
								</PstlAdr>
							</Cdtr>
							<CdtrAcct>
								<Id>
									<Othr>
										<Id>21490810494433</Id>
										<SchmeNm>
											<Cd>BBAN</Cd>
										</SchmeNm>
									</Othr>
								</Id>
							</CdtrAcct>
						</RltdPties>
						<RltdAgts>
							<DbtrAgt>
								<FinInstnId>
									<BIC>NDEADKKK</BIC>
									<PstlAdr>
										<Ctry>DK</Ctry>
									</PstlAdr>
								</FinInstnId>
							</DbtrAgt>
						</RltdAgts>
						<RmtInf>
							<Ustrd>REMITTANCE INFO</Ustrd>
						</RmtInf>
					</TxDtls>
					<TxDtls>
						<Refs>
							<AcctSvcrRef>5127256723</AcctSvcrRef>
							<EndToEndId>1004915-5637222634-00</EndToEndId>
						</Refs>
						<AmtDtls>
							<TxAmt>
								<Amt Ccy="DKK">26785.00</Amt>
								<CcyXchg>
									<SrcCcy>DKK</SrcCcy>
									<TrgtCcy>DKK</TrgtCcy>
									<XchgRate>0.000000</XchgRate>
								</CcyXchg>
							</TxAmt>
						</AmtDtls>
						<BkTxCd>
							<Domn>
								<Cd>PMNT</Cd>
								<Fmly>
									<Cd>ICDT</Cd>
									<SubFmlyCd>DMCT</SubFmlyCd>
								</Fmly>
							</Domn>
						</BkTxCd>
						<RltdPties>
							<Cdtr>
								<Nm>CREDITOR NAME</Nm>
								<PstlAdr>
									<Ctry>DK</Ctry>
									<AdrLine>STREET NAME 18 1411 COPENHAGEN DENMARK</AdrLine>
								</PstlAdr>
							</Cdtr>
							<CdtrAcct>
								<Id>
									<Othr>
										<Id>21490810494433</Id>
										<SchmeNm>
											<Cd>BBAN</Cd>
										</SchmeNm>
									</Othr>
								</Id>
							</CdtrAcct>
						</RltdPties>
						<RltdAgts>
							<DbtrAgt>
								<FinInstnId>
									<BIC>NDEADKKK</BIC>
									<PstlAdr>
										<Ctry>DK</Ctry>
									</PstlAdr>
								</FinInstnId>
							</DbtrAgt>
						</RltdAgts>
						<RmtInf>
							<Ustrd>Fak 209655464</Ustrd>
						</RmtInf>
					</TxDtls>
				</NtryDtls>
				<AddtlNtryInf>500:REFERENCE:0ABC-001668SUPP02020;196:ID.:388260530627;528:SUMMARY ITEM:012766221</AddtlNtryInf>
			</Ntry>
			<Ntry>
				<NtryRef>6</NtryRef>
				<Amt Ccy="DKK">28286.58</Amt>
				<CdtDbtInd>CRDT</CdtDbtInd>
				<Sts>BOOK</Sts>
				<BookgDt>
					<Dt>2020-09-24</Dt>
				</BookgDt>
				<ValDt>
					<Dt>2020-09-24</Dt>
				</ValDt>
				<AcctSvcrRef>7463038123521</AcctSvcrRef>
				<BkTxCd>
					<Domn>
						<Cd>PMNT</Cd>
						<Fmly>
							<Cd>RCDT</Cd>
							<SubFmlyCd>XBCT</SubFmlyCd>
						</Fmly>
					</Domn>
				</BkTxCd>
				<NtryDtls>
					<TxDtls>
						<Refs>
							<AcctSvcrRef>8D39484700000021</AcctSvcrRef>
						</Refs>
						<AmtDtls>
							<TxAmt>
								<Amt Ccy="DKK">28286.58</Amt>
								<CcyXchg>
									<SrcCcy>EUR</SrcCcy>
									<TrgtCcy>DKK</TrgtCcy>
									<XchgRate>741.8535</XchgRate>
								</CcyXchg>
							</TxAmt>
							<PrtryAmt>
								<Tp>IBS</Tp>
								<Amt Ccy="EUR">3812.96</Amt>
							</PrtryAmt>
						</AmtDtls>
						<BkTxCd>
							<Domn>
								<Cd>PMNT</Cd>
								<Fmly>
									<Cd>RCDT</Cd>
									<SubFmlyCd>XBCT</SubFmlyCd>
								</Fmly>
							</Domn>
						</BkTxCd>
						<RltdPties>
							<Dbtr>
								<PstlAdr>
									<AdrLine>PAYERS NAME</AdrLine>
								</PstlAdr>
							</Dbtr>
						</RltdPties>
						<RltdAgts>
							<DbtrAgt>
								<FinInstnId>
									<BIC>COBADEFFXXX</BIC>
									<PstlAdr>
										<Ctry>DE</Ctry>
									</PstlAdr>
								</FinInstnId>
							</DbtrAgt>
						</RltdAgts>
						<RmtInf>
							<Ustrd>0000089207 0051012399 0000089209 00</Ustrd>
							<Ustrd>51012400 0000089213 0051012401 0000</Ustrd>
							<Ustrd>089214 0051012402</Ustrd>
						</RmtInf>
					</TxDtls>
				</NtryDtls>
				<AddtlNtryInf>802:REFERENCE:7463038123521   S103;802:REFERENCE:8D39484700000021;821:ADVICE REFERENCE:17005268220338;502:REFERENCE:KON konto 0987654321;502:REFERENCE:KON konto 0987654321</AddtlNtryInf>
			</Ntry>
		</Stmt>
	</BkToCstmrStmt>
</Document>